@online{khronos,
    author = "Khronos Group",
    url  = "https://www.khronos.org/
",
}

@online{W3C,
    author = "World Wide Web Consortium",
    url  = "https://www.w3.org/
",
}

@Article{Buterin2013,
  Title                    = {Ethereum White Paper: A Next Generation Smart Contract \& Decentralized Application Platform},
  Author                   = {Vitalik Buterin},
  Year                     = {2013},
  Url                      = {https://github.com/ethereum/wiki/wiki/White-Paper}
}

@online{AutonomousWorlds,
    author = "Ludens",
    title = "Autonomous Worlds (Part 1)",
    url  = "https://0xparc.org/blog/autonomous-worlds",
}

@online{MUD,
    author = "Lattice",
    title = "MUD -- Engine for Autonomous Worlds",
    url  = "https://mud.dev",
}

@online{ThirdRoom,
    author = "matrix-org",
    title = "Thirdroom: Open, decentralized worlds, built on Matrix",
    url  = "https://thirdroom.io/preview",
}

@online{Entitiies,
    author = "Adam Martin",
    title = "What is an entity system?",
    url  = "https://t-machine.org/index.php/2007/11/11/entity-systems-are-the-future-of-mmog-development-part-2/",
}

@article{reed2020decentralized,
  title={Decentralized identifiers (dids) v1. 0},
  author={Reed, Drummond and Sporny, Manu and Longley, Dave and Allen, Christopher and Grant, Ryan and Sabadello, Markus and Holt, Jonathan},
  journal={Draft Community Group Report},
  year={2020}
}

@article{saltzer1975protection,
  title={The protection of information in computer systems},
  author={Saltzer, Jerome H and Schroeder, Michael D},
  journal={Proceedings of the IEEE},
  volume={63},
  number={9},
  pages={1278--1308},
  year={1975},
  publisher={IEEE}
}

@misc{hewitt1973universal,
  title={A Universal modular ACTOR Formalism for Artificial Intelligence, IJCAI'73 Proceedings of the 3rd international joint conference on Artificial intelligence, 20-23 August},
  author={Hewitt, C and Bishop, P and Steiger, R},
  year={1973},
  publisher={Stanford, USA}
}

@article{perlin1985image,
  title={An image synthesizer},
  author={Perlin, Ken},
  journal={ACM Siggraph Computer Graphics},
  volume={19},
  number={3},
  pages={287--296},
  year={1985},
  publisher={ACM New York, NY, USA}
}

@online{Maker,
    author = "MakerDAO",
    title = "The Maker Protocol: MakerDAO's Multi-Collateral Dai (MCD) System",
    url  = "https://makerdao.com/en/whitepaper/",
}

